3456 5184
1045 1393 3100 1437 plebem suam quia in manu eius
1068 1895 3054 1963 sunt omnes fines terre et altitu
1025 2394 3185 2474 dines montium ipse conspicit Ꝟ
1186 2901 3133 2988 Quoniam ipsius est mare et
1025 3404 3121 3494 ipse fecit illud et aridam funda
1019 3897 3117 4007 uerunt manus eiꝰ Venite adore
2831 4386 2911 4431 117
1673 4397 2563 4455 Feria v. post Dominicam ij Quadrag.
2162 4452 2903 4519 transmeare. Et ait. Rogo ergo te
1550 4455 2080 4522 ntia sancti Euangélijse-
2153 4518 2907 4584 pater, vt mittas eum in domum
1562 4527 1940 4585 cûndum Lucam.
lo têmpre: Dixit Iesus di-
2134 4590 2912 4649 patris mei. Hábeo enim quin-
1550 4663 2131 4712 ulis suis. Homo quidam
2131 4657 2912 4717 que fratres: vt testêtur illis, ne &
1540 4730 2121 4775 ues, & indrebâtur púrpu-
2167 4714 2905 4785 ipsi véniant in hunc locum tor-
1594 4784 2139 4840 : & ??? abâtur quoti-
2139 4793 2902 4849 mentorum. Et ait illi Abraham.
